@InProceedings{klaim,
author="Bettini, Lorenzo
and Bono, Viviana
and De Nicola, Rocco
and Ferrari, Gianluigi
and Gorla, Daniele
and Loreti, Michele
and Moggi, Eugenio
and Pugliese, Rosario
and Tuosto, Emilio
and Venneri, Betti",
editor="Priami, Corrado",
title={The {K}laim Project: {T}heory and Practice},
booktitle="Global Computing",
  series    = {LNCS},
  volume    = {2874},
  year="2003",
publisher="Springer",
pages="88--150"
}

@inproceedings{bhty10,
        Author = {Laura Bocchi and Kohei Honda and Emilio Tuosto and Nobuko Yoshida},
        Booktitle = {CONCUR 2010},
        Editor = {Paul Gastin and Fran\c{c}ois Laroussinie},
        Pages = {162--176},
        Publisher = {Springer},
        Series = {LNCS},
        Title = {A Theory of Design-by-Contract for Distributed Multiparty Interactions},
        Volume = {6269},
        Year = {2010}
}

@inproceedings{bmt14,
  author    = {Laura Bocchi and
               Hern{\'{a}}n C. Melgratti and
               Emilio Tuosto},
  title     = {Resolving Non-determinism in Choreographies},
  editor    = {Zhong Shao},
  booktitle = {ESOP 2014},
  series    = {LNCS},
  volume    = {8410},
  publisher = {Springer},
  pages     = {493--512},
  year      = {2014}
}

@article{cdp12,
  author    = {Giuseppe Castagna and
               Mariangiola Dezani{-}Ciancaglini and
               Luca Padovani},
  title     = {On Global Types and Multi-Party Session},
  journal   = {Logical Methods in Computer Science},
  volume    = {8},
  number    = {1},
  year      = {2012},
}

[check]
@inproceedings{chjny19,
  author    = {David Castro and
               Raymond Hu and
               Sung{-}Shik Jongmans and
               Nicholas Ng and
               Nobuko Yoshida},
  title     = {Distributed programming using role-parametric session types in go:
               {Statically-typed} endpoint {APIs} for dynamically-instantiated communication
               structures},
  series   = {{PACMPL}},
  volume    = {3},
  booktitle    = {{POPL}},
  publisher = {ACM},
  pages     = {29:1--29:30},
  year      = {2019}
}

@article{DBLP:journals/tse/NicolaFP98,
  author    = {Rocco {De Nicola} and
               Gian Luigi Ferrari and
               Rosario Pugliese},
  title     = {{KLAIM:} {A} Kernel Language for Agents Interaction and Mobility},
  journal   = {{IEEE} Transactions on Software Engineering},
  volume    = {24},
  number    = {5},
  pages     = {315--330},
  year      = {1998}
}

@article{dybh12,
  TITLE = {Parameterised Multiparty Session Types},
  AUTHOR = {Denielou, Pierre-Malo and Yoshida, Nobuko and Bejleri, Andi and Hu, Raymond},
  JOURNAL = {Logical Methods in Computer Science},
  VOLUME = {8},
  NUMBER= {4},
  YEAR = {2012}
}

@inproceedings{dd09,
  author    = {Mariangiola Dezani-Ciancaglini and
               Ugo de' Liguoro},
  title     = {Sessions and Session Types: An Overview},
  editor    = {Cosimo Laneve and
               Jianwen Su},
  booktitle = {WS-FM 2009},
  series    = {LNCS},
  volume    = {6194},
  publisher = {Springer},
  year      = {2010},
  pages     = {1-28}
}

@inproceedings{gaifman1987partial,
 author       = {Haim Gaifman and Vaughan R Pratt},
 year         = {1987},
 title        = {Partial order models of concurrency and the computation of functions},
 booktitle    = {LICS 1987},
 pages        = {72--85},
 publisher = {{IEEE} Computer Society},
}

@article{DBLP:journals/toplas/Gelernter85,
  author    = {David Gelernter},
  title     = {Generative Communication in {Linda}},
  journal   = {{ACM} Transactions on Programming Languages and Systems},
  volume    = {7},
  number    = {1},
  pages     = {80--112},
  year      = {1985}
}

@inproceedings{gt16,
  author    = {Roberto Guanciale and
               Emilio Tuosto},
  title     = {An Abstract Semantics of the Global View of Choreographies},
  editor    = {Massimo Bartoletti and
               Ludovic Henrio and
               Sophia Knight and
               Hugo Torres Vieira},
  booktitle = {ICE 2016},
  pages     = {67--82},
  series    = {EPTCS},
  volume    = {223},
  year      = {2016}
}

@article{gt17,
  author    = {Roberto Guanciale and
               Emilio Tuosto},
  title     = {Semantics of Global Views of Choreographies},
  journal   = {Logic and Algebraic Methods in Programming},
  volume    = {95},
  pages     = {17--40},
  year      = {2018}
}

@inproceedings{DBLP:conf/esop/HondaVK98,
  author    = {Kohei Honda and
               Vasco Thudichum Vasconcelos and
               Makoto Kubo},
  title     = {Language Primitives and Type Discipline for Structured Communication-Based
               Programming},
  editor    = {Chris Hankin},
  booktitle = {ESOP 1998},
  pages     = {122--138},
  series    = {LNCS},
  volume    = {1381},
  publisher = {Springer},
  year      = {1998}
}

@inproceedings{DBLP:conf/popl/HondaYC08,
  author    = {Kohei Honda and
               Nobuko Yoshida and
               Marco Carbone},
  title     = {Multiparty asynchronous session types},
  booktitle = {POPL 2008},
  pages     = {273--284},
  year      = {2008},
  editor    = {George C. Necula and
               Philip Wadler}
}

@article{DBLP:journals/csur/HuttelLVCCDMPRT16,
  author    = {Hans H{\"{u}}ttel and
               Ivan Lanese and
               Vasco T. Vasconcelos and
               Lu{\'{\i}}s Caires and
               Marco Carbone and
               Pierre{-}Malo Deni{\'{e}}lou and
               Dimitris Mostrous and
               Luca Padovani and
               Ant{\'{o}}nio Ravara and
               Emilio Tuosto and
               Hugo Torres Vieira and
               Gianluigi Zavattaro},
  title     = {Foundations of Session Types and Behavioural Contracts},
  journal   = {{ACM} Computing Survey},
  volume    = {49},
  number    = {1},
  pages     = {3:1--3:36},
  year      = {2016}
}

@inproceedings{ydbh10,
  author    = {Nobuko Yoshida and
               Pierre{-}Malo Deni{\'{e}}lou and
               Andi Bejleri and
               Raymond Hu},
  title     = {Parameterised Multiparty Session Types},
  editor    = {C.{-}H. Luke Ong},
  booktitle = {{FoSSaCS 2010}},
  series    = {LNCS},
  volume    = {6014},
  publisher = {Springer},
  pages     = {128--145},
  year      = {2010}
}