@inproceedings(gaifman1987partial,
 author       = {Haim Gaifman and Vaughan R Pratt},
 year         = {1987},
 title        = {Partial order models of concurrency and the computation of functions},
 booktitle    = {LICS},
 pages        = {72--85},
 doi          = {}
)
